@inproceedings{xia2013software,
  title={Software internationalization and localization: An industrial experience},
  author={Xia, Xin and Lo, David and Zhu, Feng and Wang, Xinyu and Zhou, Bo},
  booktitle={Engineering of Complex Computer Systems (ICECCS), 2013 18th International Conference on},
  pages={222--231},
  year={2013},
  organization={IEEE}
}
@inproceedings{zhao2010study,
  title={Study on international software localization testing},
  author={Zhao, Chunsheng and He, Zhiyong and Zeng, Wei},
  booktitle={Software Engineering (WCSE), 2010 Second World Congress on},
  volume={2},
  pages={257--260},
  year={2010},
  organization={IEEE}
}
@article{collins2002software,
  title={Software localization for Internet software, issues and methods},
  author={Collins, Rosann Webb},
  journal={IEEE software},
  volume={19},
  number={2},
  pages={74--80},
  year={2002},
  publisher={IEEE}
}
@inproceedings{sviridova2009software,
  title={Software localization: Translation memory using},
  author={Sviridova, Tatyana and Fadyeyeva, Kateryna},
  booktitle={CAD Systems in Microelectronics, 2009. CADSM 2009. 10th International Conference-The Experience of Designing and Application of},
  pages={556--559},
  year={2009},
  organization={IEEE}
}
@inproceedings{tomar2014software,
  title={Software Localization kit for Indian mass},
  author={Tomar, Varsha and Bhatia, Manisha},
  booktitle={Signal Processing and Information Technology (ISSPIT), 2014 IEEE International Symposium on},
  pages={000247--000255},
  year={2014},
  organization={IEEE}
}
@inproceedings{yeo1996software,
  title={Software internationalisation and localisation},
  author={Yeo, Alvin},
  booktitle={Computer-Human Interaction, 1996. Proceedings., Sixth Australian Conference on},
  pages={348--349},
  year={1996},
  organization={IEEE}
} 